
@InCollection{	  alu.fab:00,
  author	= {Aluffi, Paolo and Faber, Carel},
  title		= {Linear orbits of arbitrary plane curves},
  note		= {Dedicated to William Fulton on the occasion of his 60th
		  birthday},
  journal	= {Michigan Math. J.},
  fjournal	= {Michigan Mathematical Journal},
  volume	= {48},
  year		= {2000},
  pages		= {1--37},
  issn		= {0026-2285},
  doi		= {10.1307/mmj/1030132706}
}

@Article{	  alu.fab:93,
  author	= {Aluffi, Paolo and Faber, Carel},
  title		= {Linear orbits of smooth plane curves},
  journal	= {J. Algebraic Geom.},
  fjournal	= {Journal of Algebraic Geometry},
  volume	= {2},
  year		= {1993},
  number	= {1},
  pages		= {155--184},
  issn		= {1056-3911}
}

@Article{	  alu.fab:93*1,
  author	= {Aluffi, Paolo and Faber, Carel},
  title		= {Linear orbits of {$d$}-tuples of points in {${\bf P}^1$}},
  journal	= {J. Reine Angew. Math.},
  fjournal	= {Journal f\"{u}r die Reine und Angewandte Mathematik.
		  [Crelle's Journal]},
  volume	= {445},
  year		= {1993},
  pages		= {205--220},
  issn		= {0075-4102}
}

@Article{	  bru-i-mon.tim.wei:20,
  author	= {Brustenga I Moncus\'{\i}, Laura and Timme, Sascha and
		  Weinstein, Madeleine},
  title		= {96120: the degree of the linear orbit of a cubic surface},
  journal	= {Matematiche (Catania)},
  fjournal	= {Le Matematiche},
  volume	= {75},
  year		= {2020},
  number	= {2},
  pages		= {425--437},
  issn		= {0373-3505},
  doi		= {10.4418/2020.75.2.2}
}

@Article{	  caz.ska:20,
  author	= {Cazzador, Elisa and Skauli, Bj\"orn},
  title		= {Towards the degree of the {${\rm PGL}(4)$}-orbit of a
		  cubic surface},
  journal	= {Matematiche (Catania)},
  fjournal	= {Le Matematiche},
  volume	= {75},
  year		= {2020},
  number	= {2},
  pages		= {439--456},
  issn		= {0373-3505},
  doi		= {10.4418/2020.75.2.3}
}

@Article{	  feh.nem.rim:05,
  author	= {Feh\'er, L. M. and N\'emethi, A. and Rim\'anyi, R.},
  title		= {Degeneracy of 2-forms and 3-forms},
  journal	= {Canad. Math. Bull.},
  fjournal	= {Canadian Mathematical Bulletin. Bulletin Canadien de
		  Math\'ematiques},
  volume	= {48},
  year		= {2005},
  number	= {4},
  pages		= {547--560},
  issn		= {0008-4395},
  doi		= {10.4153/CMB-2005-050-9},
  url		= {https://doi.org/10.4153/CMB-2005-050-9}
}

@Article{	  gal.mar:19,
  author	= {Gallardo, Patricio and Martinez-Garcia, Jesus},
  title		= {Moduli of cubic surfaces and their anticanonical
		  divisors},
  journal	= {Rev. Mat. Complut.},
  fjournal	= {Revista Matem\'{a}tica Complutense},
  volume	= 32,
  year		= 2019,
  number	= 3,
  pages		= {853--873},
  issn		= {1139-1138},
  doi		= {10.1007/s13163-019-00298-y}
}

@Article{	  lee.pat.tse:19,
  author	= {Mitchell Lee and Anand Patel and Dennis Tseng},
  title		= {Equivariant Degenerations of Plane Curve Orbits},
  version	= {1},
  date		= {2019-03-24},
  year		= {2019},
  journal	= {preprint},
  eprinttype	= {arxiv},
  eprintclass	= {math.AG},
  eprint	= {https://arxiv.org/abs/1903.10069},
  url		= {https://arxiv.org/abs/1903.10069},
  note		= {arXiv:1903.10069}
}

@PhDThesis{	  ngu:00,
  title		= {Star points on cubic surfaces},
  url		= {https://dspace.library.uu.nl/handle/1874/852},
  author	= {Nguyen, Chahn Tu},
  year		= {2000}
}

@InCollection{	  ngu:05,
  author	= {{Nguyen, Chanh Tu}},
  title		= {{On semi-stable, singular cubic surfaces}},
  booktitle	= {{Singularit\'es Franco-Japonaises}},
  isbn		= {2-85629-166-X/pbk},
  pages		= {373--389},
  year		= {2005},
  publisher	= {Paris: Soci\'et\'e Math\'ematique de France},
  language	= {English},
  msc2010	= {14J26 14J10 14J17},
  zbl		= {1076.14043}
}

@Article{	  ran.stu:20,
  author	= {Ranestad, Kristian and Sturmfels, Bernd},
  title		= {Twenty-seven questions about the cubic surface},
  journal	= {Matematiche (Catania)},
  fjournal	= {Le Matematiche},
  volume	= {75},
  year		= {2020},
  number	= {2},
  pages		= {411--424},
  issn		= {0373-3505},
  doi		= {10.4418/2020.75.2.1}
}
